@online{Adaf,
	author = {Adafruit},
	title = {Raspberry Pi},
	url = {https://www.adafruit.com/category/105},
}
@article{Al-Kuwari2011,
	author = {{Ali Mohammed} Al-Kuwari and Cesar Ortega-Sanchez and Atif Sharif and Vidyasagar Potdar},
	title = {User Friendly Smart Home Infrastructure: BeeHouse},
	journaltitle = {IEEE},
	year = {2011},
}
@online{Ardu,
	author = {Arduino.cl},
	title = {¿Qué es arduino?},
	url = {http://arduino.cl/que-es-arduino/},
}
@article{Asthon2009,
	author = {Kevin Ashton},
	title = {That 'Internet of Things' Thing},
	journaltitle = {RFID Journal},
	year = {2009},
}
@article{Behan2013,
	author = {Miroslav Behan and Ondrej Krejcar},
	title = {Vision of Smart Home Point Solution as Sustainable Intelligent House Concept},
	journaltitle = {IFAC},
	year = {2013},
}
@article{Bondarev2017,
	author = {Sergey E. Bondarev and Andrey S. Prokhorov},
	title = {Analysis of Internal Threats of the System ``Smart Home'' and Assessment of Ways to Prevent Them},
	journaltitle = {IEEE},
	year = {2017},
}
@article{Cheuque2015,
	author = {César Cheuque and Felipe Baeza and Gastón Márquez and Juan Calderón},
	title = {Towards to responsive Web Services for Smart Home LED control with Raspberry Pi. A first approach},
	journaltitle = {IEEE},
	year = {2015},
}
@article{Datta2014,
	author = {N. Datta and T. Masud and R. Arefm and A. A. Rimon and M. S. Rahman and B. B. Pathik},
	title = {Designing and  Implementation  of an Application Based Electrical  Circuit for  Smart Home Application},
	journaltitle = {IEEE},
	year = {2014},
}
@article{Deshmukh2016,
	author = {Ashwini Deshmukh and K.B.Khanchandani},
	title = {Designing and  Implementation  of an Application Based Electrical  Circuit for  Smart Home Application},
	journaltitle = {IJESRT},
	year = {2016},
}
@inbook{Gross1998,
	author = {Mark D. Gross},
	title = {Smart House And Home Automation Technologies},
	booktitle = {Encyclopedia of Housing},
	year= {1998},
}
@article{Hamed2012,
	author = {Basil Hamed},
	title = {Design \& Implementation of Smart House Control Using LabVIEW},
	journaltitle = {IJSCE},
	year = {2012},
}
@article{Howedi2016,
	author = {Aadel Howedi and Ali Jwaid},
	title = {Design and Implementation Prototype of a Smart House System at Low Cost and Multi-Functional},
	journaltitle = {IEEE},
	year = {2016},
}
@article{Kaneko2017,
	author = {Masayuki Kaneko and Kazuki Arima and Takashi Murakami and Masao Isshiki and Hiroshi Sugimura},
	title = {Design and Implementation of Interactive Control System for Smart Houses},
	journaltitle = {IEEE},
	year = {2017},
}
@article{Kasmi2016,
	author = {Mahdi Kasmi and Faouzi Bahloul and Haykel Tkitek},
	title = {Smart home based on Internet of Things and Cloud Computing},
	journaltitle = {IEEE},
	year = {2016},
}
@article{Kusriyanto2015,
	author = {Medilla Kusriyanto and Beny Setiawan},
	title = {Android Smart Home System Based on ATmega16},
	journaltitle = {ICICI-BME},
	year = {2015},
}
@article{Kusriyanto2016,
	author = {Medilla Kusriyanto and Bambang Dwi Putra},
	title = {Smart Home Using Local Area Network  (LAN) Based Arduino Mega 2560},
	journaltitle = {IEEE},
	year = {2016},
}
@article{Liu2006,
	author = {Yuansheng Liu},
	title = {Design of the Smart Home based on embedded system},
	journaltitle = {IEEE},
	year = {2016},
}
@article{Owada2012,
	author = {Shigeru Owada and Fumiaki Tokuhisa},
	title = {Kadecot: HTML5-based Visual Novels Development System for Smart Homes},
	journaltitle = {IEEE},
	year = {2012},
}
@article{Patricio2009,
	author = {Gustavo Patrício and Luís Gomes},
	title = {Smart House monitoring and actuating system development using automatic code generation},
	journaltitle = {IEEE},
	year = {2009},
}
@article{Rajabzadeh2010,
	author = {Amir Rajabzadeh and Ali Reza Manashty and Zahra Forootan Jahromi},
	title = {A Mobile Application for Smart House Remote Control System},
	journaltitle = {IEEE},
	year = {2010},
}
@online{Rasp,
	author = {RaspberryPi},
	title = {What is a Raspberry Pi?},
	url = {https://www.raspberrypi.org/help/faqs/\#introWhatIs},
}
@article{Sysala2016,
	author = {Tomas Sysala and Martin Pospichal and Petr Neumann},
	title = {Monitoring and Control System for a Smart Family House Controlled via Programmable Controller},
	journaltitle = {IEEE},
	year = {2016},
}
@article{Tang2017,
	author = {Samuel Tang and Vineetha Kalavally and Kok Yew Ng and Jussi Parkkinen},
	title = {Development of a prototype smart home intelligent lighting control architecture using sensors onboard a mobile computing system},
	journaltitle = {Energy and Buildings},
	year = {2017},
}
@online{TechT2017,
	author = {TechTarget},
	title = {Internet de las cosas (IoT)},
	date = {2017},
	url = {http://searchdatacenter.techtarget.com/es/definicion/Internet-de-las-cosas-IoT},
}
@article{Trinchero2011,
	author = {D. Trinchero and R. Stefanelli and D. Brunazzi and A. Casalegno and M. Durando and A. Galardini},
	title = {Integration of Smart House Sensors into a Fully Networked (Web) Environment},
	journaltitle = {IEEE},
	year = {2011},
}
@article{Tseng2014,
	author = {Shih-Pang Tseng and Bo-Rong Li and Jun-Long Pan amd Chia-Ju Lin},
	title = {An Application of Internet of Things with Motion Sensing on Smart House},
	journaltitle = {IEEE},
	year = {2014},
}
@article{Vannguyen2009,
	author = {Tam {Van Nguyen} and Jin {Gook Kim} and Deokjai Choi},
	title = {ISS: The Interactive Smart Home Simulator},
	journaltitle = {IEEE},
	year = {2009},
}
@article{Vasilateanu2016,
	author = {Andrei Vasilateanu and Ioan {Andrei Popescu} and Alexandra {Silvia Cergan} and Nicolae Goga},
	title = {Smart Home Simulation System},
	journaltitle = {IEEE},
	year = {2016},
}
@article{Verma2016,
	author = {Himanshu Verma and Madhu Jain and KhushhaliGoel and Aditya Vikram and Gaurav Verma},
	title = {Smart Home System Based on Internet if Things},
	journaltitle = {IEEE},
	year = {2016},
}
@article{Walek2014,
	author = {Bogdan Walek and Jaroslav Zacek and Michal Janosek and Radim Farana},
	title = {Adaptive Fuzzy Control of Thermal Comfort in Smart Houses},
	journaltitle = {IEEE},
	year = {2014},
}
@article{Zhai2011,
	author = {Yanni Zhai and Xiaodong Cheng},
	title = {Design of Smart Home Remote Monitoring System Based on Embedded System},
	journaltitle = {IEEE},
	year = {2011},
}
@online{IOE,
	author = {Margaret Rouse},
	title = {Internet de Todo (IoE)},
	year = {2017},
	url = {searchdatacenter.techtarget.com/es/definicion/Internet-de-todo-IoE},
}
@online{PIC,
	author = {Wikipedia},
	title = {Microcontrolador PIC},
	year = {2017},
	url = {https://es.wikipedia.org/wiki/Microcontrolador_PIC},
}
@online{ZB,
	author = {Zigbee},
	title = {What is Zigbee?},
	year = {2017},
	url = {http://www.zigbee.org/what-is-zigbee/},
}
@online{VB,
	author = {Universidad Nacional Autonoma de Mexico},
	title = {Lenguaje de programación Visual Basic .NET},
	year = {2009},
	url = {http://cursosenlinea.tic.unam.mx/cursos/Lenguaje_de_programacion_VISUAL_BASIC_.NET.htm},
}
@online{HTML5,
	author = {Mozilla},
	title = {HTML5},
	year = {2017},
	url = {https://developer.mozilla.org/es/docs/HTML/HTML5},
}

@book{Moha,
	author = {P. K. J. Mohapatra},
	title = {Software Engineering},
	year = {2009},
}

@online{IdT,
	author = {Cisco Networking Academy ®},
	title = {Curso Introducción a Internet de todo},
	year = {2017},
}
